%% This BibTeX bibliography file was created using BibDesk.
%% https://bibdesk.sourceforge.io/

%% Created for Marcus Schreiter at 2020-01-23 11:34:47 +0100 


%% Saved with string encoding Unicode (UTF-8) 



@book{taschenlexikon,
	Annote = {Kiosk: 1) allg. Verkaufsstand u.a. f{\"u}r Zeitungen und Zeitschriften. 2) in der islam. Baukunst ein pavilon{\"a}hnlicher Bau.},
	Author = {Annette Zwahr},
	Date-Added = {2020-01-23 10:45:54 +0100},
	Date-Modified = {2020-01-23 11:03:39 +0100},
	Editor = {Meyers Lexikonredaktion},
	Publisher = {Meyers Lexikonredaktion},
	Title = {Meyers gro{\ss}es Taschenlexikon},
	Volume = {11},
	Year = {2006}}

@webpage{meyers,
	Date-Added = {2020-01-23 10:42:13 +0100},
	Date-Modified = {2020-01-23 11:34:16 +0100},
	Lastchecked = {23.01.2020},
	Title = {Meyers Gro{\ss}es Konversationslexikon},
	Url = {http://www.woerterbuchnetz.de/Meyers?lemma=kiosk}}

@article{retailing,
	Author = {J. Rowley and Frances Slack},
	Date-Added = {2020-01-22 17:54:17 +0100},
	Date-Modified = {2020-01-22 17:55:39 +0100},
	Journal = {International journal of retail and distribution management, 31 (6), 329-339.},
	Title = {Kiosks in retailing: the quiet revolution},
	Year = {2003}}

@article{across,
	Author = {Jan Borchers and Oliver Deussen and Clemens Kn{\"o}rzer},
	Date-Added = {2020-01-22 17:47:24 +0100},
	Date-Modified = {2020-01-22 17:53:14 +0100},
	Journal = {ACM SIGCHI Bulletin ; 27, 4. - S. 68-74},
	Title = {Getting It Across: Layout Issues for Kiosk Systems},
	Year = {1995}}

@book{multimediale,
	Annote = {- S.11: Erw{\"a}hnung Kiosksystem f{\"u}r Messen, Ausstellungen und Museen. 
- S.16: gute Definition
- S.18/19: weitere Unterteilung},
	Author = {Wieland Holfelder},
	Date-Added = {2020-01-22 16:30:10 +0100},
	Date-Modified = {2020-01-22 17:56:29 +0100},
	Edition = {1},
	Number = {ISBN: 3-528-05468-9},
	Publisher = {Braunschweig Vieweg},
	Title = {Multimediale Kiosksysteme},
	Year = {1995}}
